@article{McGeer01041990,
  author = {McGeer, Tad}, 
  title = {\href{http://ijr.sagepub.com/content/9/2/62.abstract}{Passive Dynamic Walking}}, 
  volume = {9}, 
  number = {2}, 
  pages = {62-82}, 
  year = {1990}, 
  doi = {10.1177/027836499000900206}, 
  URL = {http://ijr.sagepub.com/content/9/2/62.abstract}, 
  eprint = {http://ijr.sagepub.com/content/9/2/62.full.pdf+html}, 
  journal = {The International Journal of Robotics Research}
}

@article{kalman1960new,
  title={A new approach to linear filtering and prediction problems},
  author={Kalman, R.E.},
  journal={Journal of Basic Engineering},
  volume={82},
  number={1},
  pages={35--45},
  year={1960},
  publisher={Citeseer}
}

@article{de2008distributed,
  title={Distributed watchpoints: Debugging large modular robot systems},
  author={De Rosa, Michael and Goldstein, Seth and Lee, Peter and Campbell, Jason and Pillai, Padmanabhan},
  journal={The International Journal of Robotics Research},
  volume={27},
  number={3-4},
  pages={315--329},
  year={2008},
  publisher={SAGE Publications}
}

@article{yoshida2002self,
  title={A self-reconfigurable modular robot: Reconfiguration planning and experiments},
  author={Yoshida, Eiichi and Matura, Satoshi and Kamimura, Akiya and Tomita, Kohji and Kurokawa, Haruhisa and Kokaji, Shigeru},
  journal={The International Journal of Robotics Research},
  volume={21},
  number={10-11},
  pages={903--915},
  year={2002},
  publisher={SAGE Publications}
}
